@article{plos-one, 
      author            = {Martinez, A. and Soldevila, N. and Romero-Tamarit, A. and Torner, N. and Godoy, P. and Rius, C. and Jane, M. and Dominguez, A.},
      year              = {2019}, 
      title             = {Risk Factors Associated with Severe Outcomes in Adult Hospitalized Patients According to Influenza Type and Subtype}, 
      journal           = {PLOS One}, 
      volume            = {14}, 
      number            = {1}, 
      pages             = {1-15}
}
@article{virulence, 
      author            = {Su, S. and Fu, X. and Li, G. and Kerlin, F. and Veit, M.},
      year              = {2017}, 
      title             = {Novel Influenza D virus: Epidemiology, pathology, evolution and biological characteristics}, 
      journal           = {Virulence}, 
      volume            = {8}, 
      number            = {8}, 
      pages             = {1580-1591}
}  
@article{bmc, 
      author            = {Mirel, B. and GÃ¶rg, C.},
      year              = {2014}, 
      title             = {Scientists Sense Making When Hypothesizing About Disease Mechanisms from Expression Data and Their Needs for Visualization Support}, 
      journal           = {BMC Bioinformatics}, 
      volume            = {15}, 
      number            = {1}, 
      pages             = {1-22}
}
@article{emerging, 
      author            = {Sakai, T. and Suzuki, H. and Sasaki, A. and Saito, R. and Tanabe, N. and Taniguchi, K.},
      year              = {2004}, 
      title             = {Geographic and temporal trends in influenzalike illness, Japan, 1992-1999}, 
      journal           = {Emerging Infectious Diseases}, 
      volume            = {10}, 
      number            = {10}, 
      pages             = {1822-1826}
}    
@article{plos-ntd, 
      author            = {Wangara, F. and Kipruto, H. and Ngesa, O. and Kayima, J. and Masini, E. and Sitienei, J. and Ngari, F.},
      year              = {2019}, 
      title             = {The Spatial Epidemiology of Leprosy in Kenya: A Retrospective Study}, 
      journal           = {PLoS Neglected Tropical Diseases}, 
      volume            = {13}, 
      number            = {4}, 
      pages             = {1-11}
}  
@article{agris, 
      author            = {Koppelova, J. and Jindrova, A.},
      year              = {2019}, 
      title             = {Application of Exponential Smoothing Models and Arima Models in Time Series Analysis from Telco Area}, 
      journal           = {Agris on-Line Papers in Economics and Informatics}, 
      volume            = {11}, 
      number            = {3}, 
      pages             = {73-84}
}  
@article{transportation, 
      author            = {Wang, Y. and Liu, X.},
      year              = {2017}, 
      title             = {Seasonal Passenger Flow Model of an Inter-City Expressway Based on Arima}, 
      journal           = {Advances in Transportation Studies}, 
      volume            = {3},
      pages             = {111-120}
}  
@article{earth, 
      author            = {Puah, Y. and Huang, Y. and Chua, K. and Lee, T.},
      year              = {2016}, 
      title             = {River Catchment Rainfall Series Analysis Using Additive Holt-Winters Method}, 
      journal           = {Journal of Earth System Science}, 
      volume            = {125},
      number            = {2}, 
      pages             = {269-283}
} 
@article{forecast, 
      author            = {Hyndman, R. and Khandakar, Y.},
      year              = {2008}, 
      title             = {Automatic Time Series Forecasting: The Forecast Package for R}, 
      journal           = {Journal of Statistical Software}, 
      volume            = {26},
      number            = {3}, 
      pages             = {1-22}
} 
@misc{usenix, 
      author            = {Brutlag, J.},
      year              = {2000}, 
      title             = {Aberrant Behavior Detection in Time Series for Network Monitoring}, 
      journal           = {Proceedings of the 14th Systems Administration Conference (LISA 2000)}, 
      publisher         = {USENIX},
      venue             = {New Orleans, Louisiana},
      pages             = {139-146}
} 
@misc{mayoclinic,
      author            = {{Mayo Clinic}},
      year              = {2019},
      title             = {Influenza (flu)},
      howpublished      = "\url{https://www.mayoclinic.org/diseases-conditions/flu/symptoms-causes/syc-20351719}"
}
@misc{sparcs,
      author            = {{New York State Department of Health - SPARCS}},
      year              = {2009},
      title             = {Influenza Laboratory - Confirmed Cases By County: Beginning 2009-10 Season},
      howpublished      = "\url{https://health.data.ny.gov/Health/Influenza-Laboratory-Confirmed-Cases-By-County-Beg/jr8b-6gh6}"
}
@manual{rlanguage,
      author            = {{R Core Team}},
      year              = {2018},
      title             = {R: A Language and Environment for Statistical Computing},
      organization      = {R Foundation for Statistical Computing},
      address           = {Vienna, Austria}
}
@manual{shiny,
      author            = {Chang, W. and Cheng, J. and Allaire, J. and Xie, Y. and McPherson, J.},
      year              = {2019},
      title             = {Shiny: Web Application Framework for R}
}
@manual{leaflet,
      author            = {Cheng, J. and Karambelkar, B. and Xie, Y.},
      year              = {2018},
      title             = {Leaflet: Create Interactive Web Maps with the Javascript 'Leaflet' Library}
}